<?xml version="1.0" encoding="UTF-8"?><collection xmlns="http://www.loc.gov/MARC21/slim"><record><leader>00567nam--2200205-u-4500</leader><controlfield tag="001">000051343</controlfield><controlfield tag="002">20161230</controlfield><controlfield tag="005">20161230201049</controlfield><controlfield tag="008">080702s1000------------r-----000-0-eng-d</controlfield><datafield ind1=" " ind2=" " tag="020"><subfield code="a">0-8218-3240-9</subfield></datafield><datafield ind1=" " ind2=" " tag="040"><subfield code="a">IFIN-HH</subfield></datafield><datafield ind1=" " ind2=" " tag="080"><subfield code="a">512.7</subfield></datafield><datafield ind1="1" ind2="0" tag="100"><subfield code="a">Tyurin, Andrei</subfield></datafield><datafield ind1="1" ind2="0" tag="245"><subfield code="a">Quantization, Calssical and Quantum Field Theory and Theta Functions</subfield></datafield><datafield ind1=" " ind2=" " tag="260"><subfield code="a">Providence</subfield><subfield code="b">American Mathematical Society</subfield><subfield code="c">2003</subfield></datafield><datafield ind1=" " ind2=" " tag="300"><subfield code="a">136 p</subfield></datafield><datafield ind1=" " ind2=" " tag="490"><subfield code="a">CRM Mongraph Series</subfield><subfield code="v">vol. 21</subfield></datafield><datafield ind1="1" ind2=" " tag="700"><subfield code="a">Andrei Tyurin</subfield></datafield><datafield ind1=" " ind2=" " tag="852"><subfield code="a">82088</subfield><subfield code="c">512</subfield></datafield><datafield ind1=" " ind2=" " tag="CAT"><subfield code="a">Sys</subfield><subfield code="c">20080702</subfield><subfield code="h">102537</subfield></datafield></record></collection>